@misc{google:scholar,
  author = {{Google}},
  title = "Google Scholar",
  howpublished = "\url{https://scholar.google.it/}",
  month = "visited in Sep.",
  year = "2016"
}

@article{feige:zero,
  title={Zero-knowledge proofs of identity},
  author={Feige, Uriel and Fiat, Amos and Shamir, Adi},
  journal={Journal of cryptology},
  volume={1},
  number={2},
  pages={77--94},
  year={1988},
  publisher={Springer}
}

@misc{incapsulamento,
	author = {Infodoc},
	title = "Sistemi e reti: incapsulamento",
	howpublished = {http://infodoc.altervista.org/sistemi-e-reti/incapsulamento/},
	month = "visitato in Settembre",
	year = "2022"
}

@misc{headerTCP,
	author = {Ionos},
	title = "Presentazione TCP",
	howpublished = {https://www.ionos.it/digitalguide/server/know-how/presentazione-tcp/},
	month = "visitato in Settembre",
	year = "2022"
}

@misc{GREASE,
	author = {Ionos},
	title = "RFC 8701",
	howpublished = {https://www.rfc-editor.org/rfc/rfc8701.html},
	month = "visitato in Settembre",
	year = "2022"
}
